@article{DBLP:journals/corr/JosephKMNR16,
  author    = {Matthew Joseph and
               Michael Kearns and
               Jamie Morgenstern and
               Seth Neel and
               Aaron Roth},
  title     = {Rawlsian Fairness for Machine Learning},
  journal   = {CoRR},
  volume    = {abs/1610.09559},
  year      = {2016},
  url       = {http://arxiv.org/abs/1610.09559},
  timestamp = {Wed, 02 Nov 2016 09:51:26 +0100},
  biburl    = {http://dblp.uni-trier.de/rec/bib/journals/corr/JosephKMNR16},
  bibsource = {dblp computer science bibliography, http://dblp.org}
}

@article{DBLP:journals/corr/abs-1003-5956,
  author    = {Lihong Li and
               Wei Chu and
               John Langford},
  title     = {An Unbiased, Data-Driven, Offline Evaluation Method of Contextual
               Bandit Algorithms},
  journal   = {CoRR},
  volume    = {abs/1003.5956},
  year      = {2010},
  url       = {http://arxiv.org/abs/1003.5956},
  timestamp = {Mon, 05 Dec 2011 18:04:18 +0100},
  biburl    = {http://dblp.uni-trier.de/rec/bib/journals/corr/abs-1003-5956},
  bibsource = {dblp computer science bibliography, http://dblp.org}
}

@misc{yahoo,
  title = {Yahoo! Front Page Today Module User Click Log Dataset},
  author = {Yahoo!},
  howpublished = {\url{https://webscope.sandbox.yahoo.com/catalog.php?datatype=r}},
  note = {Accessed: 2017-04-03},
  year = {2009}
}
